@inproceedings{Claus:1998:DRL:295240.295800,
 author = {Claus, Caroline and Boutilier, Craig},
 title = {The Dynamics of Reinforcement Learning in Cooperative Multiagent Systems},
 booktitle = {Proceedings of the Fifteenth National/Tenth Conference on Artificial Intelligence/Innovative Applications of Artificial Intelligence},
 series = {AAAI '98/IAAI '98},
 year = {1998},
 isbn = {0-262-51098-7},
 location = {Madison, Wisconsin, USA},
 pages = {746--752},
 numpages = {7},
 url = {http://dl.acm.org/citation.cfm?id=295240.295800},
 acmid = {295800},
 publisher = {American Association for Artificial Intelligence},
 address = {Menlo Park, CA, USA},
} 
